@book{Bachelor,
    author    = "Roy Sonntag",
    title     = "Untersuchung von Gasmodelleffekten und deren Auswirkungen auf die thermodynamische Leistungsvorhersage einer Gasturbine",
    year      = "2016",
}
@manual{CEA1,
  title        = "Computer Program for Calculation of Complex Chemical Equilibrium Compositions and Applications",
  author       = "Gordon Sanford and Bonnie J. McBridge", 
  organization = "NASA",
  month        = 10,
  year         = 1994,
  note      = "Part 1: Analysis"
}
@manual{CEA2,
  title        = "Computer Program for Calculation of Complex Chemical Equilibrium Compositions and Applications",
  author       = "Bonnie J. McBridge and Gordon Sanford", 
  organization = "NASA",
  month        = 6,
  year         = 1996,
  note      = "Part 2: Users Manual and Program Description"
}
@article{bucker,
    author =       "D.BÃ¼cker and R. Span and W. Wagner",
    title =        "Thermodynamic Property Models for Moist Air and Combustion Gases",
    journal =      "ASME",
    volume =       "125",
    year =         "2003",
    DOI =          "10.1115/1.1520154"
}
@misc{onlineCEA,
    author    = "Chris Snyder ",
    title     = "Online CEARUN",
    howpublished    = "\url{https://cearun.grc.nasa.gov}"
}
@misc{janaf,
    author    = "National Institute of Standards and Technology ",
    title     = "NIST-JANAF Thermochemical Tables",
    howpublished    = "\url{http://kinetics.nist.gov/janaf/}"
}


